@online{pyriteApps,
title = {African Pegmatite, "Pyrite de fer - Utilisations et applications | African Pegmatite"},
url = {https://mineralmilling.com/fr/pyrite-de-fer-utilisations-et-applications/},
note = {Accessed: 04-04-2021}
}

@online{pyriteSolarCells,
author = {Mark Hutchkins},
date = {15-06-2020},
title = {pv magazine, "A long way to go for iron pyrite solar cells"},
url = {https://www.pv-magazine.com/2020/06/15/a-long-way-to-go-for-iron-pyrite-solar-cells/},
note = {Accessed: 04-04-2021}
}

@online{solarCell,
title = {Electrical4U, "Solar Cell: Working Principle \& Construction (Diagrams Included)"},
url = {https://www.electrical4u.com/solar-cell/},
note = {Accessed: 05-04-2021}
}

@thesis{thinFilms,
author = {Limpinsel, Moritz},
title = {Iron Pyrite Absorbers for Solar Photovoltaic Energy Conversion},
howpublished = {University of California Irvine},
year = {2015}
}

@article{limitations,
author = {Mohammad Z. Rahman, Tomas Edvinsson},
title = {What Is Limiting Pyrite Solar Cell Performance ?},
journaltitle = {Joule},
year = {2019},
volume = {3},
issue = {10},
month = {October},
pages = {2290-2293}
}


@online{MaterialsProject,
title = {Materials Project, "mp-1522: FeS2 (orthorhombic, Pnnm, 58)"},
url = {https://materialsproject.org/materials/mp-1522/},
note = {Accessed: 06-04-2021}
}

@online{Ore,
title = {France Minéraux, "Pierre pyrite"},
url = {https://www.france-mineraux.fr/vertus-des-pierres/pierre-pyrite/},
note = {Accessed: 07-04-2021}
}

@article{PseudoDojo,
author = {Hamann, D.},
year = {2013},
month = {06},
pages = {},
title = {Optimized norm-conserving Vanderbilt pseudopotentials},
volume = {88},
journal = {Physical Review B},
doi = {10.1103/PhysRevB.88.085117}
}

@misc{solarcellinvention,
   author = "Wikipédia",
   title = "Cellule photovoltaïque --- Wikipédia{,} l'encyclopédie libre",
   year = "2021",
   url = "http://fr.wikipedia.org/w/index.php?title=Cellule_photovolta%C3%AFque&oldid=181394054",
   note = {Accessed: 07-05-2021}
 }
@misc{Abinit,
title = {Abinit},
url = {https://www.abinit.org/},
note = {Accessed: 06-05-2021}
}